@article{Mazur,
     author = {Mazur, Barry},
     title = {Notes on \'etale cohomology of number fields},
     journal = {Annales scientifiques de l'\'Ecole Normale Sup\'erieure},
     pages = {521--552},
     publisher = {Elsevier},
     volume = {Ser. 4, 6},
     number = {4},
     year = {1973},
     doi = {10.24033/asens.1257},
     mrnumber = {49 #8993},
     zbl = {0282.14004},
     language = {en},
     url = {http://archive.numdam.org/articles/10.24033/asens.1257/}
}


@misc{Artin,
author={Artin, Emil},
title={Grothendieck topologies},
year={1962},
note={Available at \url{https://babel.hathitrust.org/cgi/pt?id=mdp.39015056607966&seq=147}},
pages={131}
}


@book {MilneEC,
    AUTHOR = {Milne, James S.},
     TITLE = {\'{E}tale cohomology},
    SERIES = {Princeton Mathematical Series},
    VOLUME = {No. 33},
 PUBLISHER = {Princeton University Press, Princeton, NJ},
      YEAR = {1980},
     PAGES = {xiii+323},
      ISBN = {0-691-08238-3},
   MRCLASS = {14-02 (14F20 18F99)},
  MRNUMBER = {559531},
MRREVIEWER = {G.\ Horrocks},
}


@misc {Stein,
    AUTHOR = {Stein, William},
     TITLE = {A {S}hort {C}ourse on {G}alois {C}ohomology},
      NOTE = {Available at \url{https://wstein.org/edu/2010/582e/lectures/all/galois_cohomology.pdf}},
      YEAR = {2010},
       URL = {https://wstein.org/edu/2010/582e/lectures/all/galois_cohomology.pdf},
}
